<?xml version="1.0" encoding="UTF-8"?><collection xmlns="http://www.loc.gov/MARC21/slim"><record><leader>00544nam--2200181-i-4500</leader><controlfield tag="001">000038773</controlfield><controlfield tag="002">20161230</controlfield><controlfield tag="005">20161230201042</controlfield><controlfield tag="008">060222s1000------------r-----000-0-eng-d</controlfield><datafield ind1=" " ind2=" " tag="040"><subfield code="a">IFIN-HH</subfield></datafield><datafield ind1=" " ind2=" " tag="080"><subfield code="a">53(047.1)</subfield></datafield><datafield ind1="1" ind2=" " tag="100"><subfield code="a">Jenkins, H.G</subfield></datafield><datafield ind1="1" ind2="0" tag="245"><subfield code="a">Reports on progress in physics. vol. xxxii (1969) part ii</subfield><subfield code="c">H.g. jenkins (executive editor) p.e. lafferty (assistant editor)</subfield></datafield><datafield ind1=" " ind2=" " tag="260"><subfield code="a">London</subfield><subfield code="b">The Physical Society</subfield><subfield code="c">1969</subfield></datafield><datafield ind1=" " ind2=" " tag="300"><subfield code="a">/404/+767P</subfield></datafield><datafield ind1="1" ind2=" " tag="700"><subfield code="a">Lafferty, P.E</subfield><subfield code="e">Ed</subfield></datafield><datafield ind1=" " ind2=" " tag="852"><subfield code="a">13696</subfield><subfield code="c">53</subfield></datafield><datafield ind1=" " ind2=" " tag="CAT"><subfield code="a">Sys</subfield><subfield code="c">20150210</subfield><subfield code="h">203502</subfield></datafield></record></collection>